@article{MLA,
    author  = "Li-Min Meng, Lu-Sha Han",
    title   = "A Machine Learning Approach to Urban Traffic State Detection",
    year    = "2014",
    journal = "Fifth International Conference on Intelligent Control and Information Processing",
    pages   = "17--20"
}

@article{Marco,
    author  = "Marco Wiering",
    title   = "Multi-agent Reinforcemente Learning for Traffic Light Control",
    year    = "2000",
    journal = "ICML '00 Proceedings of the Seventeenth International Conference on Machine Learning",
    pages   = "1151-1158"
}

@article{Wade,
	author = {Genders, Wade and Razavi, Saiedeh},
	year = {2016},
	month = {11},
	pages = {},
	title = {Using a Deep Reinforcement Learning Agent for Traffic Signal Control}
}

@article{Gregoire,
author = {Gregoire, P.-L and Desjardins, Charles and Laumonier, Julien and Chaib-draa, Brahim},
year = {2007},
month = {09},
pages = {916 - 921},
title = {Urban Traffic Control Based on Learning Agents},
isbn = {978-1-4244-1396-6},
booktitle = {IEEE Conference on Intelligent Transportation Systems, Proceedings, ITSC}
}

@article{survey,
author = {Liu, Zhiyong},
year = {2007},
month = {01},
pages = {},
title = {A Survey of Intelligence Methods in Urban Traffic Signal Control},
volume = {7},
booktitle = {International Journal of Computer Science and Network Security}
}

@online{WinNT,
  author = {MultiMedia LLC},
  title = {{MS Windows NT} Kernel Description},
  year = 1999,
  url = {http://web.archive.org/web/20080207010024/http://www.808multimedia.com/winnt/kernel.htm},
  urldate = {2010-09-30}
}

@online{vissim,
      title = "Vissim",
      url = "http://vision-traffic.ptvgroup.com/en-uk/products/ptv-vissim/"
}

@online{sumo,
      title = "SUMO â€“ Simulation of {U}rban {MO}bility",
      url = "http://www.dlr.de/ts/en/desktopdefault.aspx/tabid-9883/16931_read-41000/"
}